% !TEX root = ../BookTemplate.tex
%%%%%%%%%%%%%%%%%%%%%%%%%%%%%%%%%%%%%%%%%%%%%%%%%%%%%%%%%%%%%%%%%%%%%%%%%%%%%%%%%%
@book{LabelBook,
author = {Puddu, Mattia},
title = {Title},
publisher = {Publisher},
year = {2025},
},

@article{LabelArticle,
author = {Puddu, Mattia},
title = {Title},
journal = {Journal},
year = {2025},
pages = {1-100},
},

@misc{LabelUrl,
author={Puddu, Mattia},
title={Title},
howpublished = {\url{https://mattiapuddu25.github.io/index.html}},
},